%YAML 1.1
%TAG !u! tag:unity3d.com,2011:
--- !u!1 &542950605784604733
GameObject:
  m_ObjectHideFlags: 0
  m_CorrespondingSourceObject: {fileID: 0}
  m_PrefabInstance: {fileID: 0}
  m_PrefabAsset: {fileID: 0}
  serializedVersion: 6
  m_Component:
  - component: {fileID: 542950605784604732}
  m_Layer: 0
  m_Name: CameraTarget
  m_TagString: Untagged
  m_Icon: {fileID: 0}
  m_NavMeshLayer: 0
  m_StaticEditorFlags: 0
  m_IsActive: 1
--- !u!4 &542950605784604732
Transform:
  m_ObjectHideFlags: 0
  m_CorrespondingSourceObject: {fileID: 0}
  m_PrefabInstance: {fileID: 0}
  m_PrefabAsset: {fileID: 0}
  m_GameObject: {fileID: 542950605784604733}
  m_LocalRotation: {x: 0.08715578, y: 0, z: 0, w: 0.9961947}
  m_LocalPosition: {x: 0, y: 2, z: -5}
  m_LocalScale: {x: 1, y: 1, z: 1}
  m_Children: []
  m_Father: {fileID: 542950607739022110}
  m_RootOrder: 1
  m_LocalEulerAnglesHint: {x: 10, y: 0, z: 0}
--- !u!1 &542950606287191480
GameObject:
  m_ObjectHideFlags: 0
  m_CorrespondingSourceObject: {fileID: 0}
  m_PrefabInstance: {fileID: 0}
  m_PrefabAsset: {fileID: 0}
  serializedVersion: 6
  m_Component:
  - component: {fileID: 542950606287191431}
  - component: {fileID: 542950606287191428}
  - component: {fileID: 542950606287191429}
  - component: {fileID: 542950606287191430}
  m_Layer: 0
  m_Name: PoundHitbox
  m_TagString: Attack
  m_Icon: {fileID: 0}
  m_NavMeshLayer: 0
  m_StaticEditorFlags: 0
  m_IsActive: 1
--- !u!4 &542950606287191431
Transform:
  m_ObjectHideFlags: 0
  m_CorrespondingSourceObject: {fileID: 0}
  m_PrefabInstance: {fileID: 0}
  m_PrefabAsset: {fileID: 0}
  m_GameObject: {fileID: 542950606287191480}
  m_LocalRotation: {x: -0, y: -0, z: -0, w: 1}
  m_LocalPosition: {x: 0, y: -1, z: 0}
  m_LocalScale: {x: 3, y: 0.5, z: 3}
  m_Children: []
  m_Father: {fileID: 542950607739022110}
  m_RootOrder: 3
  m_LocalEulerAnglesHint: {x: 0, y: 0, z: 0}
--- !u!33 &542950606287191428
MeshFilter:
  m_ObjectHideFlags: 0
  m_CorrespondingSourceObject: {fileID: 0}
  m_PrefabInstance: {fileID: 0}
  m_PrefabAsset: {fileID: 0}
  m_GameObject: {fileID: 542950606287191480}
  m_Mesh: {fileID: 10202, guid: 0000000000000000e000000000000000, type: 0}
--- !u!23 &542950606287191429
MeshRenderer:
  m_ObjectHideFlags: 0
  m_CorrespondingSourceObject: {fileID: 0}
  m_PrefabInstance: {fileID: 0}
  m_PrefabAsset: {fileID: 0}
  m_GameObject: {fileID: 542950606287191480}
  m_Enabled: 1
  m_CastShadows: 1
  m_ReceiveShadows: 1
  m_DynamicOccludee: 1
  m_MotionVectors: 1
  m_LightProbeUsage: 1
  m_ReflectionProbeUsage: 1
  m_RenderingLayerMask: 1
  m_RendererPriority: 0
  m_Materials:
  - {fileID: 2100000, guid: ecbe81ed567fb5b438c15d8979d39e16, type: 2}
  m_StaticBatchInfo:
    firstSubMesh: 0
    subMeshCount: 0
  m_StaticBatchRoot: {fileID: 0}
  m_ProbeAnchor: {fileID: 0}
  m_LightProbeVolumeOverride: {fileID: 0}
  m_ScaleInLightmap: 1
  m_PreserveUVs: 0
  m_IgnoreNormalsForChartDetection: 0
  m_ImportantGI: 0
  m_StitchLightmapSeams: 0
  m_SelectedEditorRenderState: 3
  m_MinimumChartSize: 4
  m_AutoUVMaxDistance: 0.5
  m_AutoUVMaxAngle: 89
  m_LightmapParameters: {fileID: 0}
  m_SortingLayerID: 0
  m_SortingLayer: 0
  m_SortingOrder: 0
--- !u!65 &542950606287191430
BoxCollider:
  m_ObjectHideFlags: 0
  m_CorrespondingSourceObject: {fileID: 0}
  m_PrefabInstance: {fileID: 0}
  m_PrefabAsset: {fileID: 0}
  m_GameObject: {fileID: 542950606287191480}
  m_Material: {fileID: 0}
  m_IsTrigger: 1
  m_Enabled: 1
  serializedVersion: 2
  m_Size: {x: 1, y: 1, z: 1}
  m_Center: {x: 0, y: 0, z: 0}
--- !u!1 &542950607197887120
GameObject:
  m_ObjectHideFlags: 0
  m_CorrespondingSourceObject: {fileID: 0}
  m_PrefabInstance: {fileID: 0}
  m_PrefabAsset: {fileID: 0}
  serializedVersion: 6
  m_Component:
  - component: {fileID: 542950607197887135}
  - component: {fileID: 542950607197887132}
  - component: {fileID: 542950607197887133}
  - component: {fileID: 542950607197887134}
  m_Layer: 0
  m_Name: LungeHitbox
  m_TagString: Attack
  m_Icon: {fileID: 0}
  m_NavMeshLayer: 0
  m_StaticEditorFlags: 0
  m_IsActive: 1
--- !u!4 &542950607197887135
Transform:
  m_ObjectHideFlags: 0
  m_CorrespondingSourceObject: {fileID: 0}
  m_PrefabInstance: {fileID: 0}
  m_PrefabAsset: {fileID: 0}
  m_GameObject: {fileID: 542950607197887120}
  m_LocalRotation: {x: -0, y: -0, z: -0, w: 1}
  m_LocalPosition: {x: 0, y: 0, z: 1.25}
  m_LocalScale: {x: 1.5, y: 1.4, z: 1}
  m_Children: []
  m_Father: {fileID: 542950607739022110}
  m_RootOrder: 2
  m_LocalEulerAnglesHint: {x: 0, y: 0, z: 0}
--- !u!33 &542950607197887132
MeshFilter:
  m_ObjectHideFlags: 0
  m_CorrespondingSourceObject: {fileID: 0}
  m_PrefabInstance: {fileID: 0}
  m_PrefabAsset: {fileID: 0}
  m_GameObject: {fileID: 542950607197887120}
  m_Mesh: {fileID: 10202, guid: 0000000000000000e000000000000000, type: 0}
--- !u!23 &542950607197887133
MeshRenderer:
  m_ObjectHideFlags: 0
  m_CorrespondingSourceObject: {fileID: 0}
  m_PrefabInstance: {fileID: 0}
  m_PrefabAsset: {fileID: 0}
  m_GameObject: {fileID: 542950607197887120}
  m_Enabled: 1
  m_CastShadows: 1
  m_ReceiveShadows: 1
  m_DynamicOccludee: 1
  m_MotionVectors: 1
  m_LightProbeUsage: 1
  m_ReflectionProbeUsage: 1
  m_RenderingLayerMask: 1
  m_RendererPriority: 0
  m_Materials:
  - {fileID: 2100000, guid: ecbe81ed567fb5b438c15d8979d39e16, type: 2}
  m_StaticBatchInfo:
    firstSubMesh: 0
    subMeshCount: 0
  m_StaticBatchRoot: {fileID: 0}
  m_ProbeAnchor: {fileID: 0}
  m_LightProbeVolumeOverride: {fileID: 0}
  m_ScaleInLightmap: 1
  m_PreserveUVs: 0
  m_IgnoreNormalsForChartDetection: 0
  m_ImportantGI: 0
  m_StitchLightmapSeams: 0
  m_SelectedEditorRenderState: 3
  m_MinimumChartSize: 4
  m_AutoUVMaxDistance: 0.5
  m_AutoUVMaxAngle: 89
  m_LightmapParameters: {fileID: 0}
  m_SortingLayerID: 0
  m_SortingLayer: 0
  m_SortingOrder: 0
--- !u!65 &542950607197887134
BoxCollider:
  m_ObjectHideFlags: 0
  m_CorrespondingSourceObject: {fileID: 0}
  m_PrefabInstance: {fileID: 0}
  m_PrefabAsset: {fileID: 0}
  m_GameObject: {fileID: 542950607197887120}
  m_Material: {fileID: 0}
  m_IsTrigger: 1
  m_Enabled: 1
  serializedVersion: 2
  m_Size: {x: 1, y: 1, z: 1}
  m_Center: {x: 0, y: 0, z: 0}
--- !u!1 &542950607578507436
GameObject:
  m_ObjectHideFlags: 0
  m_CorrespondingSourceObject: {fileID: 0}
  m_PrefabInstance: {fileID: 0}
  m_PrefabAsset: {fileID: 0}
  serializedVersion: 6
  m_Component:
  - component: {fileID: 542950607578507435}
  m_Layer: 0
  m_Name: GroundCheck
  m_TagString: Untagged
  m_Icon: {fileID: 0}
  m_NavMeshLayer: 0
  m_StaticEditorFlags: 0
  m_IsActive: 1
--- !u!4 &542950607578507435
Transform:
  m_ObjectHideFlags: 0
  m_CorrespondingSourceObject: {fileID: 0}
  m_PrefabInstance: {fileID: 0}
  m_PrefabAsset: {fileID: 0}
  m_GameObject: {fileID: 542950607578507436}
  m_LocalRotation: {x: -0, y: -0, z: -0, w: 1}
  m_LocalPosition: {x: 0, y: -0.5, z: 0}
  m_LocalScale: {x: 1, y: 1, z: 1}
  m_Children: []
  m_Father: {fileID: 542950607739022110}
  m_RootOrder: 0
  m_LocalEulerAnglesHint: {x: 0, y: 0, z: 0}
--- !u!1 &542950607739022098
GameObject:
  m_ObjectHideFlags: 0
  m_CorrespondingSourceObject: {fileID: 0}
  m_PrefabInstance: {fileID: 0}
  m_PrefabAsset: {fileID: 0}
  serializedVersion: 6
  m_Component:
  - component: {fileID: 542950607739022110}
  - component: {fileID: 542950607739022111}
  - component: {fileID: 542950607739022096}
  - component: {fileID: 542950607739022097}
  - component: {fileID: 542950607739022108}
  - component: {fileID: 542950607739022107}
  - component: {fileID: 542950607739022109}
  - component: {fileID: 4684227324953386177}
  - component: {fileID: 542950607739022105}
  - component: {fileID: 1873808020533159442}
  - component: {fileID: 542950607739022106}
  - component: {fileID: 542950607739022104}
  - component: {fileID: 710282065208006587}
  - component: {fileID: 6099742076748876293}
  m_Layer: 0
  m_Name: PlayerDummy
  m_TagString: Untagged
  m_Icon: {fileID: 0}
  m_NavMeshLayer: 0
  m_StaticEditorFlags: 0
  m_IsActive: 1
--- !u!4 &542950607739022110
Transform:
  m_ObjectHideFlags: 0
  m_CorrespondingSourceObject: {fileID: 0}
  m_PrefabInstance: {fileID: 0}
  m_PrefabAsset: {fileID: 0}
  m_GameObject: {fileID: 542950607739022098}
  m_LocalRotation: {x: 0, y: 0, z: 0, w: 1}
  m_LocalPosition: {x: 0, y: 1, z: 0}
  m_LocalScale: {x: 1, y: 1, z: 1}
  m_Children:
  - {fileID: 542950607578507435}
  - {fileID: 542950605784604732}
  - {fileID: 542950607197887135}
  - {fileID: 542950606287191431}
  - {fileID: 7562297534777111827}
  m_Father: {fileID: 0}
  m_RootOrder: 0
  m_LocalEulerAnglesHint: {x: 0, y: 0, z: 0}
--- !u!33 &542950607739022111
MeshFilter:
  m_ObjectHideFlags: 0
  m_CorrespondingSourceObject: {fileID: 0}
  m_PrefabInstance: {fileID: 0}
  m_PrefabAsset: {fileID: 0}
  m_GameObject: {fileID: 542950607739022098}
  m_Mesh: {fileID: 10202, guid: 0000000000000000e000000000000000, type: 0}
--- !u!23 &542950607739022096
MeshRenderer:
  m_ObjectHideFlags: 0
  m_CorrespondingSourceObject: {fileID: 0}
  m_PrefabInstance: {fileID: 0}
  m_PrefabAsset: {fileID: 0}
  m_GameObject: {fileID: 542950607739022098}
  m_Enabled: 0
  m_CastShadows: 1
  m_ReceiveShadows: 1
  m_DynamicOccludee: 1
  m_MotionVectors: 1
  m_LightProbeUsage: 1
  m_ReflectionProbeUsage: 1
  m_RenderingLayerMask: 1
  m_RendererPriority: 0
  m_Materials:
  - {fileID: 10303, guid: 0000000000000000f000000000000000, type: 0}
  m_StaticBatchInfo:
    firstSubMesh: 0
    subMeshCount: 0
  m_StaticBatchRoot: {fileID: 0}
  m_ProbeAnchor: {fileID: 0}
  m_LightProbeVolumeOverride: {fileID: 0}
  m_ScaleInLightmap: 1
  m_PreserveUVs: 0
  m_IgnoreNormalsForChartDetection: 0
  m_ImportantGI: 0
  m_StitchLightmapSeams: 0
  m_SelectedEditorRenderState: 3
  m_MinimumChartSize: 4
  m_AutoUVMaxDistance: 0.5
  m_AutoUVMaxAngle: 89
  m_LightmapParameters: {fileID: 0}
  m_SortingLayerID: 0
  m_SortingLayer: 0
  m_SortingOrder: 0
--- !u!135 &542950607739022097
SphereCollider:
  m_ObjectHideFlags: 0
  m_CorrespondingSourceObject: {fileID: 0}
  m_PrefabInstance: {fileID: 0}
  m_PrefabAsset: {fileID: 0}
  m_GameObject: {fileID: 542950607739022098}
  m_Material: {fileID: 13400000, guid: 7da104e17abfef145b9e92f9ce728a5f, type: 2}
  m_IsTrigger: 0
  m_Enabled: 1
  serializedVersion: 2
  m_Radius: 0.5
  m_Center: {x: 0, y: 0, z: 0}
--- !u!54 &542950607739022108
Rigidbody:
  m_ObjectHideFlags: 0
  m_CorrespondingSourceObject: {fileID: 0}
  m_PrefabInstance: {fileID: 0}
  m_PrefabAsset: {fileID: 0}
  m_GameObject: {fileID: 542950607739022098}
  serializedVersion: 2
  m_Mass: 1
  m_Drag: 0
  m_AngularDrag: 5
  m_UseGravity: 1
  m_IsKinematic: 1
  m_Interpolate: 0
  m_Constraints: 80
  m_CollisionDetection: 2
--- !u!114 &542950607739022107
MonoBehaviour:
  m_ObjectHideFlags: 0
  m_CorrespondingSourceObject: {fileID: 0}
  m_PrefabInstance: {fileID: 0}
  m_PrefabAsset: {fileID: 0}
  m_GameObject: {fileID: 542950607739022098}
  m_Enabled: 1
  m_EditorHideFlags: 0
  m_Script: {fileID: 11500000, guid: a8f58dd09eb5d4d4a81428c83b4ca99e, type: 3}
  m_Name: 
  m_EditorClassIdentifier: 
  playerNum: 1
  attackState: 0
  refCamera: {fileID: 0}
  refMovement: {fileID: 0}
  refNetworking: {fileID: 0}
  refAudio: {fileID: 0}
  refCollision: {fileID: 0}
  refDash: {fileID: 0}
  refLunge: {fileID: 0}
  refHover: {fileID: 0}
  refGroundPound: {fileID: 0}
  rb: {fileID: 0}
  refCameraFollow: {fileID: 0}
  refUnityRakNet: {fileID: 0}
--- !u!114 &542950607739022109
MonoBehaviour:
  m_ObjectHideFlags: 0
  m_CorrespondingSourceObject: {fileID: 0}
  m_PrefabInstance: {fileID: 0}
  m_PrefabAsset: {fileID: 0}
  m_GameObject: {fileID: 542950607739022098}
  m_Enabled: 0
  m_EditorHideFlags: 0
  m_Script: {fileID: 11500000, guid: 455a1ba2586a5ec40852b477a3f1984b, type: 3}
  m_Name: 
  m_EditorClassIdentifier: 
  spd: 15
  spdLess: 15
  canMove: 1
  rot: 100
  rotLess: 100
  jumpForce: 1000
  inControl: 1
  isGrounded: 0
  groundTransform: {fileID: 542950607578507435}
  groundMask:
    serializedVersion: 2
    m_Bits: 512
--- !u!114 &4684227324953386177
MonoBehaviour:
  m_ObjectHideFlags: 0
  m_CorrespondingSourceObject: {fileID: 0}
  m_PrefabInstance: {fileID: 0}
  m_PrefabAsset: {fileID: 0}
  m_GameObject: {fileID: 542950607739022098}
  m_Enabled: 1
  m_EditorHideFlags: 0
  m_Script: {fileID: 11500000, guid: 1e515cbf85d83094bbb9de8f25c6db7d, type: 3}
  m_Name: 
  m_EditorClassIdentifier: 
  maxHealth: 100
  currHealth: 0
  invulDuration: 1
  invulnerable: 0
  damageLunge: 0
  applyAway: 0
  kbForce: {x: 0, y: 0}
  knockedBack: 0
--- !u!114 &542950607739022105
MonoBehaviour:
  m_ObjectHideFlags: 0
  m_CorrespondingSourceObject: {fileID: 0}
  m_PrefabInstance: {fileID: 0}
  m_PrefabAsset: {fileID: 0}
  m_GameObject: {fileID: 542950607739022098}
  m_Enabled: 1
  m_EditorHideFlags: 0
  m_Script: {fileID: 11500000, guid: a5d9c805c92af96448825994245afcdc, type: 3}
  m_Name: 
  m_EditorClassIdentifier: 
  customDelay: 0.001
  isDummy: 1
  savedPosition: {x: 0, y: 0, z: 0}
  savedRotation: {x: 0, y: 0, z: 0}
  savedVelocity: {x: 0, y: 0, z: 0}
  savedAcceleration: {x: 0, y: 0, z: 0}
--- !u!114 &1873808020533159442
MonoBehaviour:
  m_ObjectHideFlags: 0
  m_CorrespondingSourceObject: {fileID: 0}
  m_PrefabInstance: {fileID: 0}
  m_PrefabAsset: {fileID: 0}
  m_GameObject: {fileID: 542950607739022098}
  m_Enabled: 1
  m_EditorHideFlags: 0
  m_Script: {fileID: 11500000, guid: e1038331b2e04df40b73de96358dc2b6, type: 3}
  m_Name: 
  m_EditorClassIdentifier: 
  hoverDuration: 0.75
  isHovering: 0
--- !u!114 &542950607739022106
MonoBehaviour:
  m_ObjectHideFlags: 0
  m_CorrespondingSourceObject: {fileID: 0}
  m_PrefabInstance: {fileID: 0}
  m_PrefabAsset: {fileID: 0}
  m_GameObject: {fileID: 542950607739022098}
  m_Enabled: 1
  m_EditorHideFlags: 0
  m_Script: {fileID: 11500000, guid: b1515c87bbc881d49a4cdb9aaf797078, type: 3}
  m_Name: 
  m_EditorClassIdentifier: 
  lungeSpd: 50
  lungeDuration: 0.4
  cooldown: 0.5
  hitbox: {fileID: 542950607197887120}
  isLunging: 0
--- !u!114 &542950607739022104
MonoBehaviour:
  m_ObjectHideFlags: 0
  m_CorrespondingSourceObject: {fileID: 0}
  m_PrefabInstance: {fileID: 0}
  m_PrefabAsset: {fileID: 0}
  m_GameObject: {fileID: 542950607739022098}
  m_Enabled: 1
  m_EditorHideFlags: 0
  m_Script: {fileID: 11500000, guid: ec76bcc04cb3b73428e9d20a15b03194, type: 3}
  m_Name: 
  m_EditorClassIdentifier: 
  dashSpd: 40
  dashDuration: 0.2
  cooldown: 0.2
  isDashing: 0
--- !u!114 &710282065208006587
MonoBehaviour:
  m_ObjectHideFlags: 0
  m_CorrespondingSourceObject: {fileID: 0}
  m_PrefabInstance: {fileID: 0}
  m_PrefabAsset: {fileID: 0}
  m_GameObject: {fileID: 542950607739022098}
  m_Enabled: 1
  m_EditorHideFlags: 0
  m_Script: {fileID: 11500000, guid: 2e354f82a9fc40647a7d510745aed9f0, type: 3}
  m_Name: 
  m_EditorClassIdentifier: 
  poundSpd: 30
  cooldown: 0.25
  hitbox: {fileID: 542950606287191480}
  isPounding: 0
--- !u!114 &6099742076748876293
MonoBehaviour:
  m_ObjectHideFlags: 0
  m_CorrespondingSourceObject: {fileID: 0}
  m_PrefabInstance: {fileID: 0}
  m_PrefabAsset: {fileID: 0}
  m_GameObject: {fileID: 542950607739022098}
  m_Enabled: 1
  m_EditorHideFlags: 0
  m_Script: {fileID: 11500000, guid: f97ac2df19e6be44b9b9f25b920e0d21, type: 3}
  m_Name: 
  m_EditorClassIdentifier: 
  jump:
    clip: {fileID: 8300000, guid: 43e0d0de5434cd343a461af37881e853, type: 3}
    volume: 0.5
  hit:
    clip: {fileID: 8300000, guid: e4fee8886a610464c9011a6c1b44b1d5, type: 3}
    volume: 1
  dash:
    clip: {fileID: 8300000, guid: 1b47c467292abce409fb9f79cec2f4e2, type: 3}
    volume: 0.5
--- !u!1001 &7562297534777241565
PrefabInstance:
  m_ObjectHideFlags: 0
  serializedVersion: 2
  m_Modification:
    m_TransformParent: {fileID: 542950607739022110}
    m_Modifications:
    - target: {fileID: 400078, guid: ac2962b5bed480c4788fc9c6577c1db9, type: 3}
      propertyPath: m_LocalPosition.x
      value: 0
      objectReference: {fileID: 0}
    - target: {fileID: 400078, guid: ac2962b5bed480c4788fc9c6577c1db9, type: 3}
      propertyPath: m_LocalPosition.y
      value: -0.100000024
      objectReference: {fileID: 0}
    - target: {fileID: 400078, guid: ac2962b5bed480c4788fc9c6577c1db9, type: 3}
      propertyPath: m_LocalPosition.z
      value: 0.3
      objectReference: {fileID: 0}
    - target: {fileID: 400078, guid: ac2962b5bed480c4788fc9c6577c1db9, type: 3}
      propertyPath: m_LocalRotation.x
      value: -0
      objectReference: {fileID: 0}
    - target: {fileID: 400078, guid: ac2962b5bed480c4788fc9c6577c1db9, type: 3}
      propertyPath: m_LocalRotation.y
      value: 1
      objectReference: {fileID: 0}
    - target: {fileID: 400078, guid: ac2962b5bed480c4788fc9c6577c1db9, type: 3}
      propertyPath: m_LocalRotation.z
      value: -0
      objectReference: {fileID: 0}
    - target: {fileID: 400078, guid: ac2962b5bed480c4788fc9c6577c1db9, type: 3}
      propertyPath: m_LocalRotation.w
      value: 0
      objectReference: {fileID: 0}
    - target: {fileID: 400078, guid: ac2962b5bed480c4788fc9c6577c1db9, type: 3}
      propertyPath: m_RootOrder
      value: 4
      objectReference: {fileID: 0}
    - target: {fileID: 400078, guid: ac2962b5bed480c4788fc9c6577c1db9, type: 3}
      propertyPath: m_LocalEulerAnglesHint.x
      value: 0
      objectReference: {fileID: 0}
    - target: {fileID: 400078, guid: ac2962b5bed480c4788fc9c6577c1db9, type: 3}
      propertyPath: m_LocalEulerAnglesHint.y
      value: 180
      objectReference: {fileID: 0}
    - target: {fileID: 400078, guid: ac2962b5bed480c4788fc9c6577c1db9, type: 3}
      propertyPath: m_LocalEulerAnglesHint.z
      value: 0
      objectReference: {fileID: 0}
    - target: {fileID: 400078, guid: ac2962b5bed480c4788fc9c6577c1db9, type: 3}
      propertyPath: m_LocalScale.x
      value: 0.59999996
      objectReference: {fileID: 0}
    - target: {fileID: 400078, guid: ac2962b5bed480c4788fc9c6577c1db9, type: 3}
      propertyPath: m_LocalScale.y
      value: 0.59999996
      objectReference: {fileID: 0}
    - target: {fileID: 400078, guid: ac2962b5bed480c4788fc9c6577c1db9, type: 3}
      propertyPath: m_LocalScale.z
      value: 0.59999996
      objectReference: {fileID: 0}
    - target: {fileID: 100078, guid: ac2962b5bed480c4788fc9c6577c1db9, type: 3}
      propertyPath: m_Name
      value: Rhino_V1
      objectReference: {fileID: 0}
    - target: {fileID: 2300000, guid: ac2962b5bed480c4788fc9c6577c1db9, type: 3}
      propertyPath: m_Materials.Array.data[0]
      value: 
      objectReference: {fileID: 2100000, guid: c797a02e02908b248a637d3e051d8d7f, type: 2}
    m_RemovedComponents: []
  m_SourcePrefab: {fileID: 100100000, guid: ac2962b5bed480c4788fc9c6577c1db9, type: 3}
--- !u!4 &7562297534777111827 stripped
Transform:
  m_CorrespondingSourceObject: {fileID: 400078, guid: ac2962b5bed480c4788fc9c6577c1db9,
    type: 3}
  m_PrefabInstance: {fileID: 7562297534777241565}
  m_PrefabAsset: {fileID: 0}
